@article{johnson1954optimal,
  title={Optimal two-and three-stage production schedules with setup times included},
  author={Johnson, Selmer Martin},
  journal={Naval research logistics quarterly},
  volume={1},
  number={1},
  pages={61--68},
  year={1954},
  publisher={Wiley Online Library}
}

@article{brucker1990job,
  title={Job-shop scheduling with multi-purpose machines},
  author={Brucker, Peter and Schlie, Rainer},
  journal={Computing},
  volume={45},
  number={4},
  pages={369--375},
  year={1990},
  publisher={Springer}
}

@article{dauzere1998multi,
  title={Multi-resource shop scheduling with resource flexibility},
  author={Dauz{\`e}re-P{\'e}r{\`e}s, St{\'e}phane and Roux, W and Lasserre, Jean B},
  journal={European Journal of Operational Research},
  volume={107},
  number={2},
  pages={289--305},
  year={1998},
  publisher={Elsevier}
}

@inproceedings{gebser2016theory,
  title={Theory solving made easy with clingo 5},
  author={Gebser, Martin and Kaminski, Roland and Kaufmann, Benjamin and Ostrowski, Max and Schaub, Torsten and Wanko, Philipp},
  booktitle={Technical Communications of the 32nd International Conference on Logic Programming (ICLP 2016)},
  year={2016},
  organization={Schloss Dagstuhl-Leibniz-Zentrum fuer Informatik}
}

@article{gebser2019multi,
  title={Multi-shot ASP solving with clingo},
  author={Gebser, Martin and Kaminski, Roland and Kaufmann, Benjamin and Schaub, Torsten},
  journal={Theory and Practice of Logic Programming},
  volume={19},
  number={1},
  pages={27--82},
  year={2019},
  publisher={Cambridge University Press}
}
